<record><leader>00000cas a2200000 a 4500</leader><controlfield tag="001">46000181</controlfield><controlfield tag="008">010221d190u1907nbuwr ne      0    0eng c</controlfield><datafield ind1=" " ind2=" " tag="010"><subfield code="a">  2001225040</subfield></datafield><datafield ind1=" " ind2=" " tag="040"><subfield code="a">CRL</subfield><subfield code="b">eng</subfield><subfield code="c">CRL</subfield><subfield code="d">OCLCQ</subfield><subfield code="d">OCLCF</subfield><subfield code="d">OCLCO</subfield></datafield><datafield ind1="1" ind2=" " tag="029"><subfield code="a">AU@</subfield><subfield code="b">000022415085</subfield></datafield><datafield ind1=" " ind2=" " tag="042"><subfield code="a">pcc</subfield></datafield><datafield ind1=" " ind2=" " tag="043"><subfield code="a">n-us-nb</subfield></datafield><datafield ind1="0" ind2="0" tag="245"><subfield code="a">Hayes County times-Republican.</subfield></datafield><datafield ind1="1" ind2=" " tag="246"><subfield code="i">Title in publisher's block:</subfield><subfield code="a">Hayes Center times</subfield><subfield code="f">Mar. 24, 1904-Aug. 9, 1906</subfield></datafield><datafield ind1="1" ind2="5" tag="246"><subfield code="a">Times-Republican</subfield></datafield><datafield ind1=" " ind2=" " tag="260"><subfield code="a">Hayes Center, Neb. :</subfield><subfield code="b">C.A. Ready,</subfield><subfield code="c">-1907.</subfield></datafield><datafield ind1=" " ind2=" " tag="300"><subfield code="a">v.</subfield></datafield><datafield ind1=" " ind2=" " tag="310"><subfield code="a">Weekly</subfield></datafield><datafield ind1="0" ind2=" " tag="362"><subfield code="a">-v. 23, no. 21 (May 23, 1907).</subfield></datafield><datafield ind1=" " ind2=" " tag="530"><subfield code="a">Also issued on microfilm from Nebraska State Historical Society.</subfield></datafield><datafield ind1=" " ind2=" " tag="580"><subfield code="a">Formed by the union of: Hayes County times, and: Hayes County Republican.</subfield></datafield><datafield ind1=" " ind2=" " tag="588"><subfield code="a">Description based on: Vol. 19, no. 10 (Mar. 5, 1903).</subfield></datafield><datafield ind1=" " ind2="0" tag="651"><subfield code="a">Hayes Center (Neb.)</subfield><subfield code="v">Newspapers.</subfield></datafield><datafield ind1=" " ind2="0" tag="651"><subfield code="a">Hayes County (Neb.)</subfield><subfield code="v">Newspapers.</subfield></datafield><datafield ind1=" " ind2="7" tag="655"><subfield code="a">Newspapers.</subfield><subfield code="2">fast</subfield><subfield code="0">(OCoLC)fst01423814</subfield></datafield><datafield ind1=" " ind2="7" tag="651"><subfield code="a">Nebraska</subfield><subfield code="z">Hayes Center.</subfield><subfield code="2">fast</subfield><subfield code="0">(OCoLC)fst01275008</subfield></datafield><datafield ind1=" " ind2="7" tag="651"><subfield code="a">Nebraska</subfield><subfield code="z">Hayes County.</subfield><subfield code="2">fast</subfield><subfield code="0">(OCoLC)fst01223121</subfield></datafield><datafield ind1=" " ind2=" " tag="752"><subfield code="a">United States</subfield><subfield code="b">Nebraska</subfield><subfield code="c">Hayes</subfield><subfield code="d">Hayes Center.</subfield></datafield><datafield ind1="1" ind2="4" tag="780"><subfield code="t">Hayes County times</subfield><subfield code="w">(DLC)  2001225039</subfield></datafield><datafield ind1="1" ind2="4" tag="780"><subfield code="t">Hayes County Republican</subfield><subfield code="w">(DLC)  2001225038</subfield></datafield><datafield ind1="0" ind2="0" tag="785"><subfield code="t">Times-Republican (Hayes Center, Neb.)</subfield></datafield></record>